@misc{wiki:bigdata2019,
    author = "{Wikipedia contributors}",
    title = "Big data --- {Wikipedia}{,} The Free Encyclopedia",
    year = "2019",
    url = "https://en.wikipedia.org/w/index.php?title=Big_data&oldid=885302313",
    note = "[Online; accessed 28-February-2019]"
}
